<record><leader>00000cas a22000007a 4500</leader><controlfield tag="001">26037345</controlfield><controlfield tag="008">920617d188u1919ctuwr ne      0    0eng d</controlfield><datafield ind1=" " ind2=" " tag="010"><subfield code="a">sn 92051273 </subfield></datafield><datafield ind1=" " ind2=" " tag="040"><subfield code="a">CNW</subfield><subfield code="b">eng</subfield><subfield code="c">CNW</subfield><subfield code="d">NVF</subfield><subfield code="d">OCLCQ</subfield></datafield><datafield ind1=" " ind2=" " tag="042"><subfield code="a">msc</subfield></datafield><datafield ind1="0" ind2=" " tag="130"><subfield code="a">Globe (Hartford, Conn.)</subfield></datafield><datafield ind1="1" ind2="4" tag="245"><subfield code="a">The globe.</subfield></datafield><datafield ind1=" " ind2=" " tag="260"><subfield code="a">Hartford, Conn. :</subfield><subfield code="b">Allen Willey</subfield></datafield><datafield ind1=" " ind2=" " tag="300"><subfield code="a">v.</subfield></datafield><datafield ind1=" " ind2=" " tag="310"><subfield code="a">Weekly</subfield></datafield><datafield ind1="0" ind2=" " tag="362"><subfield code="a">-Nov. 23, 1919.</subfield></datafield><datafield ind1=" " ind2=" " tag="500"><subfield code="a">Issue for 1892 is "Globe Souvenir" of Hartford, Conn.</subfield></datafield><datafield ind1=" " ind2=" " tag="580"><subfield code="a">Absorbed Sun. ed. of: Hartford evening post (Hartford, Conn. : 1907).</subfield></datafield><datafield ind1=" " ind2=" " tag="588"><subfield code="a">Description based on: Apr. 3, 1887.</subfield></datafield><datafield ind1=" " ind2="4" tag="651"><subfield code="a">Hartford (Conn.)</subfield><subfield code="v">Newspapers.</subfield></datafield><datafield ind1=" " ind2=" " tag="752"><subfield code="a">United States</subfield><subfield code="b">Connecticut</subfield><subfield code="c">Hartford</subfield><subfield code="d">Hartford.</subfield></datafield><datafield ind1="0" ind2="0" tag="780"><subfield code="t">Hartford globe</subfield><subfield code="w">(DLC)sn 92051272</subfield></datafield><datafield ind1="1" ind2="6" tag="780"><subfield code="t">Hartford evening post (Hartford, Conn. : 1907)</subfield><subfield code="g">Sept. 1914</subfield><subfield code="w">(DLC)sn 92051237</subfield><subfield code="w">(OCoLC)25717612</subfield></datafield><datafield ind1="0" ind2="4" tag="785"><subfield code="t">Hartford courant (Hartford, Conn. : 1887)</subfield><subfield code="w">(DLC)sn 82015203</subfield><subfield code="w">(OCoLC)8807834</subfield></datafield><datafield ind1="1" ind2=" " tag="029"><subfield code="a">AU@</subfield><subfield code="b">000020710645</subfield></datafield></record>